@article{gagliardi2019international,
  title = {The international race towards Exascale in Europe},
  author = {Gagliardi, Fabrizio and Moreto, Miquel and Olivieri, Mauro and Valero, Mateo},
  year = 2019,
  journal = {CCF Transactions on High Performance Computing},
  publisher = {Springer},
  pages = {1--11},
}
@article{gropp1996high,
  title = {A high-performance, portable implementation of the MPI message passing interface standard},
  author = {Gropp, William and Lusk, Ewing and Doss, Nathan and Skjellum, Anthony},
  year = 1996,
  journal = {Parallel computing},
  publisher = {North-Holland},
  volume = 22,
  number = 6,
  pages = {789--828},
}
@inproceedings{markus2022memory,
author = {Velten, Markus and Sch\"{o}ne, Robert and Ilsche, Thomas and Hackenberg, Daniel},
title = {Memory Performance of AMD EPYC Rome and Intel Cascade Lake SP Server Processors},
year = {2022},
isbn = {9781450391436},
publisher = {Association for Computing Machinery},
address = {New York, NY, USA},
url = {https://doi.org/10.1145/3489525.3511689},
doi = {10.1145/3489525.3511689},
booktitle = {Proceedings of the 2022 ACM/SPEC on International Conference on Performance Engineering},
pages = {165â€“175},
numpages = {11},
keywords = {memory hierarchy, intel xeon skylake, intel xeon cascade lake, cache coherence, amd zen 2, amd epyc rome},
location = {Beijing, China},
series = {ICPE '22}
}
